@article{frieze1985value,
  title={On the value of a random minimum spanning tree problem},
  author={Frieze, Alan M},
  journal={Discrete Applied Mathematics},
  volume={10},
  number={1},
  pages={47--56},
  year={1985},
  publisher={Elsevier}
}

@misc{mcdiarmid1998concentration,
  title={Concentration for minimum spanning tree lengths},
  author={McDiarmid, Colin},
  year={1998},
  publisher={manuscript}
}
@article{talagrand1995concentration,
  title={Concentration of measure and isoperimetric inequalities in product spaces},
  author={Talagrand, Michel},
  journal={Publications Math{\'e}matiques de l'Institut des Hautes Etudes Scientifiques},
  volume={81},
  number={1},
  pages={73--205},
  year={1995},
  publisher={Springer}
}
@article{steele1997probability,
 title={A sharp deviation inequality for the stochastic traveling salesman problem},
  author={Rhee, WanSoo T and Talagrand, Michel},
  journal={The Annals of Probability},
  pages={1--8},
  year={1989},
  publisher={JSTOR}
}
@article{papadimitriou1977euclidean,
  title={The Euclidean travelling salesman problem is NP-complete},
  author={Papadimitriou, Christos H},
  journal={Theoretical Computer Science},
  volume={4},
  number={3},
  pages={237--244},
  year={1977},
  publisher={Elsevier}
}
@incollection{mcdiarmid1998probabilistic,
  title={Concentration},
  author={McDiarmid, Colin},
  booktitle={Probabilistic methods for algorithmic discrete mathematics},
  pages={195--248},
  year={1998},
  publisher={Springer}
}

@article{rhee1989sharp,
  
}
@article{bartholdi1982n,
  title={An O (N log N) planar travelling salesman heuristic based on spacefilling curves},
  author={Bartholdi, JJ and Platzman, Loren K},
  journal={Operations Research Letters},
  volume={1},
  number={4},
  pages={121--125},
  year={1982},
  publisher={Elsevier}
}
@article{frieze1989random,
  title={On random minimum length spanning trees},
  author={Frieze, Alan M. and McDiarmid, Colin JH},
  journal={Combinatorica},
  volume={9},
  number={4},
  pages={363--374},
  year={1989},
  publisher={Springer}
}


@article{imer2010optimal,
  title={Optimal estimation with limited measurements},
  author={Imer, Orhan C and Basar, Tamer},
  journal={International Journal of Systems, Control and Communications},
  volume={2},
  number={1-3},
  pages={5--29},
  year={2010},
  publisher={Inderscience Publishers}
}

@inproceedings{vasconcelos2013estimation,
  title={Estimation over the collision channel: Structural results},
  author={Vasconcelos, Marcos M and Martins, Nuno C},
  booktitle={Communication, Control, and Computing (Allerton), 2013 51st Annual Allerton Conference on},
  pages={1114--1119},
  year={2013},
  organization={IEEE}
}

@inproceedings{imer2005optimal,
  title={Optimal estimation with limited measurements},
  author={Imer, Orhan C and Basar, Tamer},
  booktitle={Decision and Control, 2005 and 2005 European Control Conference. CDC-ECC'05. 44th IEEE Conference on},
  pages={1029--1034},
  year={2005},
  organization={IEEE}
}
